2209 3575
272 200 534 281 THUCYD.
549 202 658 282 VIII.
681 210 715 283 6.
841 234 888 291 ,αι

92 355 174 407 nem
183 354 360 420 uenerunt,
374 330 623 408 aPharnabano
636 331 730 419 missi,
741 352 782 417 ut
795 358 897 430 naves

93 447 132 518 in
144 442 406 545 Hellespontum
415 468 816 543 transportarent3utque
824 447 897 544 ipse
941 483 945 487 ·

94 554 244 655 quoque,
263 563 286 635 fi
303 560 422 658 pollet,
442 566 555 635 eadem
570 562 774 662 impetraret,
793 560 897 657 (quae

98 671 338 771 Tiffaphernes
355 676 599 773 contendebat)
627 697 662 749 et
685 676 836 749 civitates
860 676 896 749 in

93 786 149 859 sua
164 791 337 884 provincia
351 789 423 863 fitas
437 791 479 863 ab
489 787 751 863 Atheniensibus
764 792 896 885 perde·

90 898 273 977 fertionem
286 904 448 977 alienaret
462 922 604 1001 propter
618 905 756 988 tributa,
774 896 895 999 opera·

89 1039 156 1111 que
170 1017 228 1091 sua
243 1017 600 1092 Lacedaemoniorum·
610 1017 802 1092 societatem
820 1019 896 1113 regi

24 1188 28 1197 .
89 1130 249 1206 celeriter
268 1132 472 1205 conciliaret.
515 1130 604 1203 Cum
626 1152 740 1204 autem
757 1122 896 1226 utrique

90 1242 269 1339 separatim
286 1246 369 1318 haec
383 1266 536 1341 agerent,
555 1246 615 1339 qui
629 1270 649 1317 a
662 1243 894 1350 Pharnabazo,

88 1362 202 1454 etqui
223 1385 243 1432 a
259 1356 487 1453 Tiffapherne
505 1357 588 1431 miffi
607 1357 756 1443 fuerant,
773 1360 896 1453 ingens

90 1461 299 1547 concertatio
325 1474 416 1546 inter
441 1467 894 1547 Lacedaemonios'exstitit:

18 1584 19 1589 ’
90 1585 143 1657 his
161 1589 314 1683 quidem,
336 1606 377 1657 ut
395 1588 432 1657 in
450 1584 583 1659 Ioniam
607 1606 642 1657 et
660 1585 805 1674 Chiunn
826 1584 896 1675 illis

90 1724 183 1785 vero,
203 1696 296 1774 utin
313 1698 578 1796 Hellespontum
591 1696 694 1771 claffis
712 1720 748 1773 et
765 1699 895 1773 exerci-

86 1835 144 1887 tus
159 1817 256 1910 prius
270 1815 472 1897 mitteretur,
485 1813 685 1908 persuadete
699 1815 895 1891 nitentibus.

81 1927 351 2002 'Lacedaemonii
382 1949 494 2002 tamen
523 1927 690 2001 Chiorum
718 1949 753 2002 et
782 1925 895 2002 Tissa-

88 2043 231 2136 phemis
253 2040 416 2136 postulata
437 2040 546 2113 multo
565 2041 737 2116 lubentius
756 2041 895 2114 admise-

90 2177 182 2230 runt.
231 2154 324 2227 Nam
348 2176 382 2228 et
406 2153 599 2228 Alcibiades
623 2180 681 2229 eos
704 2154 895 2254 adjuvabat,

91 2270 150 2364 qui
160 2269 275 2342 Eudio
288 2283 365 2342 tunc
374 2268 505 2364 Ephori
521 2267 751 2364 magistratum
760 2267 895 2362 gerenti

92 2404 165 2456 erat
184 2379 356 2456 arhiffimo
380 2382 552 2477 hospitalis
575 2383 741 2454 amicitiae
758 2380 896 2454 vinculo

86 2498 234 2594 juretus,
250 2519 336 2592 quae
350 2520 369 2567 a
384 2517 479 2592 patre
493 2517 667 2590 coeperat:
688 2497 779 2568 unde
793 2520 895 2591 prop·

92 2631 146 2682 tet
160 2609 355 2705 hospitium,
367 2611 504 2682 illorum
513 2608 640 2681 familia
655 2635 777 2684 nomen
793 2610 895 2682 etiam

93 2721 300 2797 Laconicum
314 2723 481 2796 obtinuit,
499 2722 630 2796 Endius
644 2725 734 2802 enim
748 2721 896 2798 Alcibia-

92 2837 144 2910 dis
153 2837 255 2939 filt'us
280 2837 528 2935 appellabatur,
559 2829 818 2915 Lacedaemonii
847 2856 896 2908 ta·

456 2949 526 3051 133
