2209 3575
691 58 703 90 0

202 244 466 329 THUCYDa
485 242 755 359 V111.'36.3·'7.
824 284 912 359 93¹f

116 386 197 482 3'6.
219 382 285 457 Per
305 386 561 479 idem-tempus,
579 400 672 462 e'um»
684 384 888 482 A'styochus'

56 496 240 571 Miletum
266 500 308 569 ad
332 496 463 571 claffem
487 497 638 584 venisset,
668 526 721 573 res
748 523 878 601 omnen,

57 630 163 705 quae
191 615 232 684 ad
255 612 366 705 copias
393 602 532 685 alendas
562 613 638 685 sunt
665 610 882 698 neceffariae‚'

58 722 323 823 Peloponnesiis
351 726 462 799 adhuc
491 726 623 800 abunde
647 723 878 822 suppetebant.
925 773 929 780 ·

61 836 170 909 Nam
187 837 400 933 stipendium,
419 861 583 935 quantum
602 840 678 913 satis
697 862 781 925 erat,
802 840 885 940 ipsts

63 942 367 1049 suppeditabatun'
388 974 422 1025 et
443 975 617 1048 praeterea
636 956 755 1049 magna
774 980 879 1049 pecu·

66 1067 155 1137 niae
170 1092 212 1138 ex
230 1065 306 1137 Iaso
325 1068 523 1167 direptae
492 1093 541 1140 vis
560 1069 722 1141 militibus
742 1068 879 1163 supere·

68 1199 138 1251 rat
167 1178 213 1251 Et
222 1179 347 1251 Mnesn
362 1174 516 1253 alacriter
529 1206 634 1254 onera
646 1182 726 1255 belli
741 1181 883 1255 sustine

68 1294 189 1364 bant.
204 1291 437 1366 Veruntamen
458 1295 514 1366 illa
534 1294 717 1389 superiora
724 1294 883 1379 foedera,

70 1423 163 1501 quae
190 1430 208 1477 a
232 1406 416 1480 Chalcideo
440 1412 516 1479 curn
541 1407 769 1503 Tissapherne
792 1409 883 1482 fatu·

70 1520 225 1604 fuerant,
248 1518 495 1616 Peloponnesiis
521 1523 722 1600 videbantur
749 1518 877 1606 manea,

73 1652 140 1706 nec
159 1635 263 1729 magis
278 1658 341 1727 pro
356 1636 442 1729 ipsu,
462 1660 561 1735 quom
573 1653 636 1733 pro
648 1632 741 1735 Rege
748 1638 880 1731 facere.

75 1746 315 1846 Qramobrem
329 1750 392 1820 alia
403 1742 625 1823 Theramene
638 1749 811 1847 praesente
824 1749 876 1826 fe

75 1883 214 1993 eerunt5
234 1864 270 1934 in
285 1864 368 1936 haec
383 1865 504 1936 verba.
564 1912 566 1917 -

140 2113 199 2188 37.
224 2089 523 2167 ‘Pncrrouus
514 2113 603 2166 mter
616 2085 876 2166 Lacedaemoni

79 2215 160 2288 ‘os,
179 2187 382 2300 sociosque,
384 2226 418 2278 et
432 2207 564 2302 Regem
578 2207 736 2288 Darium,
755 2207 875 2299 Regis-

80 2323 176 2412 ‘que
199 2319 298 2425 filim,
324 2340 358 2392 et
377 2316 651 2414 Tissaphernem,
675 2339 713 2390 ut
737 2318 877 2390 foedera

80 2443 91 2474 ‘
107 2430 170 2502 sint
185 2451 219 2504 et
237 2434 380 2505 amicitia
399 2433 452 2504 his
471 2430 730 2506 conditionibus.
756 2429 876 2529 Qrae

81 2557 91 2586 ‘
105 2569 243 2648 cunque
263 2548 370 2641 regio,
391 2566 425 2618 et
444 2549 544 2620 urbes
564 2546 639 2618 sunt
659 2547 747 2642 regis
761 2546 874 2632 Darii,
894 2589 897 2594 -

81 2670 92 2700 ‘
113 2680 167 2730 aut
187 2685 271 2758 quae
291 2660 392 2755 patris
412 2682 469 2731 aut
493 2663 656 2759 majorum
680 2660 776 2761 ipstus
798 2660 895 2733 fue-¹·

82 2784 92 2814 ‘
114 2792 202 2856 runt,
223 2774 378 2847 adversus
393 2771 468 2844 istas
482 2800 526 2847 ne
545 2795 633 2858 eant,
653 2796 712 2848 aut
728 2775 807 2846 belli
823 2775 877 2844 ins

83 2893 93 2930 ⁸
113 2883 242 2961 ferendi
257 2889 364 2972 causa,
384 2905 441 2960 aut
456 2907 600 2985 quoquo
614 2891 715 2983 modo
728 2889 875 2978 nocendi
