2209 3575
75 285 870 504 nnuctntnte

50 707 55 714 .
181 584 766 731 momnnm
873 728 876 732 ,

83 866 851 998 ntsrontnn

176 1166 386 1231 LIBER
434 1167 767 1235 ocutus,

64 1395 110 1473 H
118 1396 194 1471 OC
207 1417 321 1470 autem
333 1410 454 1471 tantae
468 1390 577 1471 cladis
587 1396 714 1473 nuntio
723 1392 878 1471 Athenae

66 1513 171 1585 allato
173 1511 880 1611 Atheaterffesdrunepraectpursqurdem
1003 1574 1009 1585 .

65 1762 185 1838 aperte
203 1742 412 1828 nuntiarant,
430 1742 535 1816 fidem
552 1671 759 1828 habuerunt,
777 1762 819 1816 ut
836 1741 880 1816 lic

64 1856 225 1930 funditus
249 1857 364 1932 eversa
386 1860 577 1932 crederent.
609 1857 678 1934 Sed
701 1856 879 1955 postquam

65 1973 534 2068 cognorerunt‚-oratoribus,
549 1973 608 2068 qui
619 1998 697 2046 cum
707 1973 780 2046 aliit
791 1973 879 2048 hanc

64 2088 223 2161 navalem
246 2088 504 2183 expeditionem
528 2085 679 2162 studiose·
694 2084 878 2174 suaserant,

27 2229 30 2232 ·
61 2221 167 2276 'eraut
186 2197 318 2286 inferni,
338 2202 429 2298 quast
448 2201 535 2276 hanc
555 2203 613 2299 ipfi
627 2229 697 2278 non
710 2200 878 2279 decretis·

64 2313 160 2405 scnt3
182 2311 370 2412 quinetiam
394 2316 634 2393 irascebantur
647 2341 683 2395 et
705 2317 820 2392 ariolis
843 2335 879 2390 et

63 2429 213 2516 natibus,
238 2453 272 2506 et
292 2451 462 2530 quotquot
481 2433 615 2542 aliquid
629 2429 743 2506 afflatu
761 2433 879 2506 divino

60 2567 219 2642 correpti
209 2546 403 2641 dixerant,
418 2568 489 2644 quo
499 2570 582 2623 tunc
596 2547 707 2644 ipsos
698 2574 734 2620 m
743 2546 880 2625 Siciliae

64 2662 251 2757 capiendae
261 2662 355 2760 spem
364 2662 579 2738 mduxerant
588 2663 756 2760 Undique
765 2685 880 2736 autem

64 2776 181 2850 omnia
201 2776 290 2874 ipsos
308 2803 467 2852 moerore
487 2777 690 2864 afficiebant,
715 2799 751 2852 et
773 2801 880 2874 pavor

65 2893 241 2987 animique
274 2891 502 2971 consternatio
535 2895 679 2971 maxima
712 2891 881 2993 profecio,

63 3023 210 3102 propter
229 3007 265 3079 id
274 3009 373 3104 ¹quod
391 3007 572 3093 acciderat,
592 3006 673 3109 ipsps
687 3003 883 3081 circumsta-

66 3119 135 3191 bat.
155 3119 264 3194 Simul
279 3123 371 3196 enim
385 3119 642 3205 afflictabantur,
656 3124 752 3217 quod
765 3141 802 3194 et
815 3118 884 3214 pri·
937 3116 943 3134 ²

68 3235 173 3324 vatim
187 3256 222 3310 et
235 3237 375 3335 publice
389 3237 513 3334 privati
528 3233 635 3311 effent
649 3257 684 3312 ct
699 3235 810 3309 multo
823 3256 884 3328 pe·
952 3264 955 3268 ·

432 3350 518 3452 Μ
