2209 3575
239 240 506 323 THUCYD'.
523 244 645 325 VIII
653 271 673 344 5
683 234 724 325 6.4
803 269 876 349 149

64 368 148 449 tum
162 368 228 449 'effe
241 377 285 449 de
301 397 370 449 tota
385 366 495 455 chre
521 366 585 449 llli
597 402 678 452 rero
693 368 791 451 Chiis
805 376 879 451 sue.

58 512 214 563 currere
226 487 425 564 statuerunt.
453 490 590 565 Interea
606 518 688 567 vero
701 490 879 565 Pedaritus

57 628 150 677 cum
168 605 276 699 copiis
295 605 490 690 auxiliariis,
512 630 595 701 quas
614 608 701 679 circa
720 601 883 701 sehabe*

55 720 139 809 bat,
161 739 195 791 et
209 742 287 790 cum
302 718 410 803 Chiis,
429 745 507 791 cum
522 740 596 792 toto
611 723 763 794 exercitu
778 722 878 793 ador·

56 854 121 904 tus
139 830 399 905 Athenienfium
413 834 617 907 munitiones
630 833 717 909 claffi
733 836 877 908 circum·

56 950 175 1037 datas,
194 949 361 1041 quandam
375 972 492 1020 earum
506 938 636 1043 partem
649 950 752 1045 cepit,
767 969 801 1021 et
816 950 881 1021 ali·-

55 1081 156 1157 quot
165 1060 306 1133 navibus
316 1060 483 1133 subduuis
495 1064 625 1157 potitus
634 1062 692 1135 est.
721 1062 789 1135 Sed
798 1088 878 1139 cum

58 1172 298 1248 Athenienses
313 1176 526 1271 eruptionem
542 1174 578 1247 in
591 1202 642 1249 eos
656 1174 821 1261 fecissent,
842 1174 878 1251 et

60 1288 180 1360 Chios
193 1289 228 1383 in
245 1286 362 1384 fugam
378 1291 506 1385 primos
519 1287 705 1380 renident,
725 1292 880 1386 reliquus

60 1404 173 1475 etiam
192 1392 373 1487 exercitus,
393 1404 451 1498 qui
471 1405 559 1475 eirca
576 1402 771 1477 Pedaritum
790 1426 876 1488 erat,

60 1518 177 1593 vidus
192 1517 277 1606 fuit3
300 1534 336 1590 e't
354 1510 424 1613 ipse
438 1517 630 1590 Pedarr'tur
649 1518 821 1601 occubuit,
842 1538 877 1593 et

61 1630 240 1705 Chiorum
254 1632 365 1723 multi,
378 1632 551 1727 multaque
566 1656 657 1706 arma
671 1652 766 1728 capta
781 1626 876 1705 sunt}

65 1903 71 1916 ·
111 1915 117 1922 -
127 1884 149 1954 5
160 1867 194 1935 6.
207 1860 325 1936 Postea
336 1876 419 1934 ve'ro'
429 1861 509 1934 Chii
523 1883 558 1936 et
573 1887 590 1934 a
606 1883 696 1936 terra
711 1884 745 1936 et
760 1889 778 1936 a
792 1861 877 1968 mari

64 1977 192 2048 ardius
212 1977 460 2066 obfidebantur,
483 1997 518 2049 et
540 1979 659 2072 ingens
680 1967 786 2052 fames
806 1979 878 2052 illio

65 2111 155 2162 erat.
184 2090 235 2164 At
251 2089 411 2164 Pisander
427 2093 567 2190 ejusque
587 2093 749 2188 collegae,
766 2091 878 2186 Athe·

65 2205 235 2276 nienfium
249 2205 364 2299 legati,
379 2230 457 2276 cum
471 2207 513 2276 ad
524 2203 788 2298 Tissaphernem
798 2229 879 2298 vper·

66 2315 248 2403 venissent,
277 2323 321 2392 de
349 2307 556 2414 pastionibus
584 2317 747 2416 faciendis
775 2319 879 2391 verba

67 2424 240 2504 fecerunt.
276 2431 471 2506 Alcibiades
491 2457 574 2504 vero
594 2429 670 2525 (nec
691 2431 780 2504 enim
795 2431 878 2504 Tis-

67 2545 246 2639 saphernis
264 2546 347 2619 fides
367 2545 458 2641 spem
477 2547 658 2618 admodum
676 2569 802 2618 certam
821 2545 879 2641 ipii

69 2657 256 2743 afferebat,¹
270 2662 350 2756 quia
368 2659 627 2754 Peloponnefios
650 2662 755 2756 magis
779 2685 879 2760 quam

71 2767 294 2872 Athenierffes
311 2767 525 2857 formidabat,
541 2794 576 2846 et
591 2795 753 2869 utrosque
768 2775 881 2846 adhuc

72 2909 220 2960 atterere
240 2888 387 2970 volebat,
413 2889 697 2982 quemadmodum
717 2889 817 2959 etiam
838 2888 881 2958 ab

74 3001 253 3074 Alcibiade
287 3005 423 3075 edostus
455 3000 584 3096 fuerat)
613 3003 655 3073 ad
686 3001 881 3099 ¹hujusmodi

65 3115 211 3210 fraudis
226 3139 334 3212 genus
345 3113 636 3212 comminiscendum
653 3113 686 3188 se
701 3116 883 3198 convertit,

396 3230 572 3329 .K.3.
