2209 3575
215 210 636 295 .·THUctD.w11.
659 224 750 295 ata¹
827 236 879 317 53

71 340 224 419 anchus
242 340 317 435 ipsas
332 338 472 435 futurus
492 343 640 425 advenit,
657 365 763 436 penes
778 364 882 436 quem

73 474 191 527 totum
201 455 290 527 illius
300 453 400 527 claffis
409 456 591 550 imperium
599 458 670 553 jam
679 476 762 529 erat.
791 455 881 529 Cum

73 588 193 642 autem
215 570 382 663 peditatus
405 593 450 641 ex
474 570 558 641 Teo
579 567 780 652 disceffiffet,
809 566 881 663 ipse

71 706 214 775 quoque
229 680 474 777 Tiffaphemcs
493 681 655 781 cumsuis
674 684 780 777 copiis
798 682 881 756 illut

70 794 257 891 profediusf
270 816 310 871 flet
324 796 347 869 fi
359 798 444 893 quid
458 822 636 869 murorum
649 797 685 869 in
700 798 781 871 urbe
794 796 880 871 Teo

67 910 244 1005 reliquum
268 931 354 995 erat,
377 911 573 994 demolitum
598 908 750 983 disceflit.
795 909 879 984 Nec

65 1024 181 1097 multo
200 1021 275 1119 post
294 1026 366 1122 ejus
384 1021 562 1097 disceffum
580 1024 777 1101 Diomedon
796 1049 878 1104 mm

65 1139 189 1213 decem
204 1136 328 1213 Atticis
347 1139 487 1210 nauibus
501 1137 779 1233 illuoptofedua
797 1163 877 1215 cum

64 1250 173 1326 Teiis
188 1253 372 1345 paoionem
387 1250 481 1335 fecit,
497 1273 536 1323 ut
549 1251 584 1327 se
597 1277 737 1347 quoque
749 1254 878 1347 recipe·

65 1386 158 1438 rent.
187 1364 233 1437 Et
252 1364 344 1439 illinc
363 1365 519 1442 adversus
533 1364 618 1439 Eras
634 1366 817 1461 profedus,
834 1392 876 1439 ae

64 1482 221 1563 adortus,
233 1504 310 1551 cum
324 1480 444 1555 urbem
455 1503 654 1576 ¹expugnare
667 1504 736 1553 non
750 1478 876 1575 potuis·

64 1591 132 1677 set,
148 1592 300 1672 disceffit.

131 1845 189 1900 21,
198 1816 265 1896 Per
279 1824 368 1896 idem
379 1823 477 1896 etiam
489 1843 622 1918 tempus
636 1823 725 1918 apud
735 1821 874 1900 Samum

64 1935 165 2030 ptebs
180 1962 246 2009 una
261 1963 338 2010 cum
352 1936 627 2020 Athenienfibus,
644 1939 796 2033 quicum
810 1939 873 2011 tti-

64 2049 132 2130 bus
147 2052 286 2125 navibus
297 2048 366 2123 illic
380 2054 531 2134 aderant,
545 2050 703 2124 adversus
716 2071 873 2146 potentes

64 2188 160 2236 arma
173 2165 292 2238 sumfit.
317 2163 363 2236 Et
378 2165 570 2238 Samiorum
580 2165 676 2260 plebs
688 2167 731 2257 ad
743 2167 872 2244 ducen-

66 2297 121 2354 tos
131 2304 173 2351 ex
182 2278 273 2352 hisce
287 2279 481 2374 potentibus
495 2281 536 2350 ad
550 2278 717 2350 summum
730 2275 872 2350 iuterfe-

66 2391 124 2462 cit.
153 2393 368 2481 Cumautem
377 2393 643 2487 quadringentos
657 2389 771 2469 exfilio
783 2389 871 2464 mul-

65 2501 216 2588 staffent,
232 2507 358 2600 ipfique
372 2529 471 2602 agros
486 2506 624 2578 illorum
638 2524 673 2580 et
686 2507 804 2582 domos
817 2503 870 2578 in·

66 2632 120 2690 ter
121 2619 162 2714 se
175 2617 429 2702 distribuiffent,
445 2638 478 2692 et
493 2616 666 2713 post'haeo
676 2616 870 2696 Athenien·

68 2731 119 2806 set
134 2732 207 2827 ipfis
216 2753 255 2806 ut
264 2735 334 2833 jam
343 2732 418 2808 fidis
431 2733 622 2811 libertatem
635 2730 871 2818 decreuissent,

69 2847 104 2918 in
114 2845 286 2941 posterum
296 2845 357 2945 {pst
357 2864 420 2944 per
418 2846 459 2944 se
460 2845 587 2946 suoque
595 2843 771 2920 arbitratu
768 2847 871 2942 fitam

69 2959 311 3056 rempublicam
328 2959 615 3045 administrando
635 2974 761 3032 etcum
776 2959 873 3036 Geor

69 3075 172 3160 motis
185 3074 272 3154 nihil
286 3074 591 3164 communicabant,
609 3097 674 3173 oet
689 3072 754 3154 ulli
772 3096 793 3166 ρ
811 3095 874 3173 po·

264 3186 643 3292 ‚932
