2209 3575
225 184 302 260 ιιι)
383 154 648 232 THUCYD.
666 149 772 231 Vm
798 159 871 239 86,

221 286 332 367 Porro
345 286 468 394 siquos
481 286 607 358 sumtus
626 285 843 378 parfintuniae
861 282 1041 376 studentes

224 383 476 488 contraxissent,
495 421 533 475 ut
547 399 670 482 milites
679 400 811 495 justum
826 397 1040 492 stipendium

224 514 314 592 facis
308 540 358 588 tus
382 514 559 614 haberent,
588 512 621 584 se
645 537 852 612 magnopere
882 515 1041 612 probare.

227 629 410 700 Caeterum
425 608 496 697 ilios
510 625 722 722 hortabatur,
743 646 781 698 ut
797 624 1043 728 hostibusfor-

227 741 309 817 titer
331 740 530 828 resisterent,
552 765 616 828 nec
638 723 712 824 ullu
734 743 837 812 modu
864 745 1045 816 cederent.

227 855 264 929 Si
285 855 374 926 enim
399 856 513 926 civitas
538 855 714 954 incolumis
738 852 852 938 staret,
884 877 1045 949 magnam

228 968 322 1065 spem
336 941 402 1040 effe
417 967 561 1068 dicebat,
580 967 656 1040 fore
671 987 709 1044 ut
724 967 826 1064 host-es
845 969 1043 1062 compositi·

229 1107 332 1167 onem
347 1081 458 1155 secum
473 1080 634 1174 facerent
664 1069 698 1175 Si
714 1107 796 1152 vero
809 1065 920 1154 semel
937 1084 1041 1161 altera

229 1194 481 1291 Athenierfiurn
501 1213 586 1292 pars
608 1169 852 1300 succumberet,
886 1197 947 1268 rel
977 1197 1043 1279 itta,

229 1334 316 1406 quae
326 1307 415 1380 Samr
431 1329 516 1390 erat,
531 1309 584 1394 rel
601 1309 669 1390 illa,
684 1333 769 1406 quae
773 1306 939 1380 Athenas
957 1323 1043 1392 erat,

230 1424 364 1526 nullum
379 1409 522 1524 amplius
535 1420 624 1510 fore,
645 1447 721 1525 curn
736 1445 807 1516 quo
818 1422 919 1514 quis
917 1423 957 1494 in
973 1449 1043 1494 mu·

232 1558 325 1614 tuam
349 1537 493 1639 gratiam
512 1515 648 1646 rediret.
668 1515 840 1613 Aderant
864 1555 990 1609 autent
1011 1557 1042 1608 ct

231 1653 453 1757 Argivorum
460 1650 575 1744 legati,
596 1633 654 1748 qui
645 1625 826 1742 pdpulari
844 1646 1042 1732 Athenien·

231 1761 314 1860 sium
325 1758 479 1847 faAioni,
491 1789 578 1865 quae
590 1763 677 1849 Sami
693 1783 776 1849 erat,
789 1761 821 1833 sc
836 1786 944 1856 opem
959 1765 1041 1838 latu·

141 1899 144 1905 ’
232 1902 288 1947 ros
308 1877 564 1970 pollicebantur.
595 1877 661 1949 Sed
676 1872 871 1950 Alcibiades
891 1902 954 1988 eus
975 1880 1040 1950 coi-

231 1948 403 2073 iaudatns,
417 2012 451 2063 et
467 2015 578 2096 quum
591 1992 665 2095 qpis
680 2016 737 2063 ecs
751 2009 902 2082 vocaret,
925 2011 967 2063 ut
986 1994 1042 2064 ad·

232 2100 350 2187 essent,
367 2125 519 2199 rogatos,
515 2106 570 2175 ita
581 2104 681 2175 dimis
675 2124 709 2176 ιι
737 2106 1041 2183 Venerantautem

232 2205 356 2314 Argivi
372 2244 449 2316 cum
458 2216 733 2311 Patalis,quibut
748 2243 766 2287 a
780 2216 1041 2317 quadringentis

231 2333 314 2426 ritis
333 2316 413 2421 tunc
433 2334 634 2424 imperatum
653 2316 778 2423 suerat,
801 2330 940 2401 militari
963 2334 1039 2423 nari

231 2443 408 2545 Euboeqm
431 2434 593 2543 custodiae
617 2446 716 2541 causa
743 2445 1039 2539 circumveheren·

143 2556 147 2565 ’
232 2577 302 2659 tur,
318 2580 351 2628 et
363 2557 620 2650 Atheniensium
634 2560 762 2659 legatos
777 2583 795 2639 a
809 2558 1036 2653 quadringen-

231 2672 274 2743 tis
293 2668 416 2768 misses,
436 2666 697 2766 Laespodiam,
691 2693 724 2744 et
734 2656 1037 2763 Aristophontem,

230 2804 265 2861 et
285 2785 470 2872 Melesram,
500 2774 789 2883 Lacedaempncm
816 2785 1033 2868 deducerent

230 2897 280 2977 At
295 2896 359 2981 isti,
371 2923 449 2967 cum
458 2872 573 2992 Argus
588 2884 798 2992 appulissent,
809 2898 941 2990 legatos
957 2899 1034 2990 qui

228 3012 306 3123 dem
338 3012 599 3118 comprehensos
631 3010 771 3126 Argius
808 3009 1032 3119 tradiderunt,
