2209 3575
252 204 331 279 tto
409 191 677 272 THUCYD.
696 189 804 274 vm.
828 184 897 298 832n

246 329 417 404 lecturum
425 325 526 401 dixit.
551 323 868 402 Confestimautem
877 321 1048 422 postillam

244 444 444 519 concionem
466 441 562 525 abiit,
585 462 633 514 ut·
646 443 830 515 videretur*
841 443 964 514 omnia
984 466 1050 514 cum

245 551 588 646 incommodare,
610 554 705 640 fimul
727 557 828 628 etiam
850 558 953 650 quod
973 555 1051 650 apud

245 671 345 746 illum
363 671 400 743 in
413 672 541 769 majore
559 671 693 743 honore
706 667 773 743 elle
788 691 957 764 cuperet,
975 691 1009 742 et
1023 695 1053 740 o·

247 783 406 874 stentare,
428 782 464 857 se
486 785 589 858 etiam
611 785 851 879 imperatorem
868 785 949 883 jam
972 807 1054 856 cret-

247 920 321 972 tttm
334 895 414 984 elie,
423 897 544 994 illique
557 917 592 971 et
606 895 761 994 prodcffe
775 916 810 970 et
823 896 949 971 obell'e
964 895 1055 993 polle.

247 1011 405 1109 Contigit
414 1032 527 1090 autem
537 1010 720 1096 Alcibiadi,
733 1031 772 1085 ut
782 1033 844 1106 per
855 1010 1054 1109 Tiffaphcr·
1087 1013 1088 1028 ¹

247 1151 326 1202 nem
341 1125 481 1223 quidem
495 1121 723 1200 Athenienses
736 1123 985 1235 terrefaceret,
1003 1147 1054 1223 per

247 1239 326 1329 illos
343 1265 428 1318 vero
441 1237 716 1337 Tiffaphemem.

310 1477 370 1570 83.
393 1463 626 1567 Peloponnen
648 1485 774 1560 autem,
791 1469 856 1564 vqni
876 1465 1007 1544 Mileti
1028 1493 1057 1541 e·

248 1606 337 1675 rant,
346 1587 463 1658 audito
473 1584 658 1658 Alcibiadis
673 1584 799 1672 reditu,
814 1607 893 1657 cum
908 1601 951 1656 et
967 1605 1057 1657 antea
1087 1661 1088 1672 ¹

248 1696 472 1796 Tiliaphemi
495 1697 701 1782 diffiderent,
725 1718 808 1770 tunc
834 1721 922 1770 tero
954 1699 1059 1771 multo

248 1818 354 1911 magis
362 1814 395 1887 ei
404 1813 593 1888 obtredlare
601 1834 798 1909 coeperunt.
817 1810 965 1885 Accidit
976 1815 1060 1887 enim
1087 1870 1088 1877 κ

248 1928 335 2023 ipfic,
356 1949 395 2000 ut
411 1924 658 2023 Tissaphernes
674 1925 793 2022 (quod,
813 1952 884 2022 quo
900 1946 1059 2023 tempore

249 2040 478 2138 Athenienses
486 2066 565 2115 cum
579 2040 699 2123 infesta
709 2037 807 2114 classe
816 2040 986 2115 adversus
996 2042 1060 2115 Mi·

249 2158 358 2237 letum
373 2158 523 2241 iverunt,
543 2157 678 2229 obviam
693 2153 763 2227 illis
778 2155 932 2251 prodire,
955 2177 993 2229 et
1008 2180 1061 2229 nae

250 2272 328 2356 tale
343 2271 521 2368 proelium
548 2270 768 2345 committere
788 2265 995 2365 noluilient)
1027 2270 1062 2341 ad
1087 2322 1088 2325 ,

251 2384 455 2482 stipendium
479 2380 553 2485 ipsts
578 2382 838 2480 persolvendum
860 2382 973 2479 longe
995 2385 1062 2461 lan·

251 2500 390 2595 guidior
402 2499 521 2588 fadus,
536 2500 611 2593 ipfis
626 2498 728 2571 etiam
740 2496 926 2571 Alcibiadis
945 2522 1062 2593 opera,
1087 2526 1088 2577 l

251 2613 308 2690 rel
322 2613 523 2687 multoante
536 2615 633 2697 haec,
643 2612 747 2709 longe
761 2612 866 2707 magis
879 2606 968 2683 effet
984 2613 1063 2685 inti

253 2727 318 2816 ius.
352 2726 589 2830 Qamobrem
606 2726 730 2801 milites
746 2727 836 2799 inter
850 2724 884 2797 se
898 2728 1063 2799 conveni·
1087 2740 1088 2751 ¹

187 2896 191 2901 =
253 2862 351 2916 entes
370 2842 633 2925 confiderabant,
651 2864 745 2935 quae
766 2840 820 2914 vel
842 2839 937 2934 prius
951 2841 1063 2937 secuit

254 2954 316 3054 ipſs
332 2958 548 3053 reputabant,
566 2956 753 3049 quinetiam
772 2952 829 3026 alii
844 2953 992 3047 quidam
1012 2980 1063 3027 au·

255 3068 401 3154 totitatis
424 3092 494 3141 non
515 3069 785 3153 contemnendae
807 3066 890 3165 riri„
912 3088 984 3149 nec
1010 3066 1064 3142 ioli
