2209 3575
273 252 660 345 ,THUCYDMIL
680 278 716 362 ς.
795 256 803 268 ”
845 284 889 359 17

81 374 235 469 interea
254 395 351 467 etiam
371 418 404 469 et
419 395 535 469 Lesbii
551 402 730 480 veneiunt,
749 398 842 491 qnod
860 419 910 471 et·

95 510 156 603 ipfi
183 506 403 581 defenionem
431 512 475 580 ab
500 508 756 606 Athenietfibu's
780 508 908 585 facere·

96 624 230 695 vellent.
274 622 409 697 Boeotis
431 644 543 696 autem
568 626 893 723 coadjuvantibus,

93 736 180 832 Agis
194 762 298 808 eorum
312 735 424 809 verbis
439 740 598 809 addustus
613 737 673 821 est,
693 759 731 809 ut
747 763 799 811 res
818 740 894 833 qui·

89 853 169 924 dem
188 848 358 923 Euboicas
376 852 632 941 intermitterem
651 852 792 925 Lesbios
811 874 895 925 vero

89 964 126 1037 in
151 963 341 1057 defetiione
365 964 517 1037 facienda
538 967 687 1063 juvaret,
716 985 751 1038 et
775 991 828 1039 res
850 968 895 1040 ad

89 1102 165 1153 eam
179 1076 374 1153 neceffatias'
388 1084 615 1175 praepararet,⁷
631 1100 665 1152 et
675 1079 895 1153 Alt'amenem

90 1192 300 1289 praefeiium
315 1192 389 1291 ipfis
403 1196 510 1277 daret,
525 1194 586 1288 qni
601 1195 635 1265 in
649 1193 824 1267 Euboeam
837 1215 893 1265 na·d

89 1307 267 1402 vigatutus
287 1328 368 1379 erat.
401 1306 518 1401 Atque
538 1306 659 1380 Boeoti
678 1309 814 1402 quidem
833 1309 893 1381 de³

89 1446 164 1493 cem
183 1440 286 1493 naves
299 1420 439 1515 polliciti
454 1419 543 1505 sunt,
563 1420 746 1515 Agis'veto
766 1423 892 1494 decenn

91 1532 190 1607 Haec
205 1553 319 1607 autem
333 1536 448 1630 ignara
462 1536 598 1606 civitate
608 1533 893 1606 Lacedaemonio

90 1671 167 1720 nun
189 1648 350 1719 transaaa
371 1647 456 1719 sunt.v
494 1646 584 1742 Agis
606 1648 707 1731 enim,
731 1649 893 1743 quamdin

10 1756 11 1759 '
88 1786 168 1834 eum
192 1760 258 1834 suis
283 1761 388 1857 copiis
411 1763 501 1856 apud
524 1762 710 1835 Deceleam
732 1764 817 1859 egit,-
832 1764 892 1862 'jus

87 1866 209 1948 habuit
225 1897 259 1948 et
274 1878 384 1974 copias
403 1876 571 1958 mittendi,
590 1877 701 1972 siquo
720 1878 835 1959 vellet,
856 1892 892 1949 et

89 1990 325 2072 contrahendi,
338 2010 379 2062 et
399 1991 556 2082 pecunias
571 1991 742 2085 exigendi:
774 1990 913 2084 Atque·

88 2117 172 2175 tnnc
192 2105 351 2197 temporis
371 2103 425 2176 vei
444 2104 553 2175 multo
576 2106 681 2198 magia
704 2103 758 2199 (u't
778 2106 824 2176 ita
840 2105 892 2175 lo*

87 2215 190 2311 quar)
205 2216 249 2300 ei,
264 2213 518 2312 quamcaeteris
529 2215 816 2300 Lacedaemoniis,
831 2218 892 2309 qui
912 2240 915 2244 ⁴

81 2330 125 2402 in
141 2331 227 2402 urbe
241 2337 350 2413 erant,
370 2329 449 2402 socii
465 2330 638 2424 parebants
672 2333 783 2426 Qtod
802 2330 893 2403 enim

88 2444 278 2517 exercitum
305 2444 417 2530 secum
444 2446 598 2526 haberet,
626 2445 830 2540 quocunque
858 2444 893 2518 se

87 2555 282 2631 contuliffet
296 2557 516 2632 formidabilis
531 2561 658 2630 ademta
686 2557 731 2630 Et
747 2560 801 2630 hie
815 2561 892 2653 qui·

88 2673 169 2744 dem
187 2671 319 2744 Lesbiis
338 2679 476 2766 operam·
493 2672 606 2743 daban·
642 2671 722 2744 Chii
737 2674 837 2745 eti'am
857 2683 892 2746 et
914 2699 919 2706 ·

87 2784 288 2880 Erythraei,
305 2769 383 2858 cum
397 2808 432 2859 et
446 2785 503 2878 ipsi
517 2787 560 2857 ad
574 2785 794 2859 defeitionem
811 2785 893 2856 faci·

88 2901 212 2973 endam
231 2895 334 2972 effent
355 2901 472 2994 parati,
492 2907 561 2972 non
581 2902 624 2971 ad
642 2898 747 2992 Agin,
761 2899 826 2972 ›fe'd
850 2899 895 2970 ad

88 3011 197 3110 ipsam
210 3011 557 3088 Lacedaemoniorum
575 3013 797 3088 eiiiiat'em'ie
815 3035 893 3085 aon*

148 3145 365 3202 uomitum
451 3125 507 3197 'B
