2209 3575
235 256 501 345 unuctu.
521 263 628 344 vm.
651 270 714 360 ιγ.
824 284 880 370 '45

53 396 111 479 ab
127 399 343 497 insequendis
361 398 777 476 hostibusreterterctur.
798 400 882 477 'Sed

58 542 149 591 cum
168 518 227 589 ille
244 516 371 589 diutius
390 536 596 601 moraretur,
615 516 675 612 ipsi
687 542 804 591 muros
822 520 881 593 de·

61 632 179 705 moliti
191 630 278 715 sunt,
293 654 379 726 quos
390 629 618 705 Athenienses
628 629 880 716 exstruxerant,

17 826 23 834 ,
60 748 162 819 urbis
178 744 302 829 Teiae,
322 760 390 840 qua
409 766 506 840 parte
525 746 756 820 continentem
775 746 880 843 respi-

59 862 123 935 cit.
158 860 243 932 Illos
258 860 372 933 autem
387 860 422 931 in
437 859 490 931 his
505 860 726 934 demoliendis
740 864 880 961 adjute-

56 995 150 1049 runt
164 976 295 1070 aliquot
310 975 413 1047 etiam
431 974 580 1059 barbari,
599 976 659 1071 qui
673 974 880 1071 inpetrent⁴

56 1112 156 1175 rant,
180 1089 305 1186 quibus
322 1108 479 1186 praeerat
499 1089 619 1187 Tages
638 1084 880 1187 Tiffaphetuis

59 1224 284 1303 propraetori

96 1494 99 1503 ,
128 1440 188 1525 17'.
208 1418 413 1507 Chalcideus
427 1434 510 1507 tero
524 1449 560 1507 et
574 1432 780 1519 Alcibiades,
800 1440 880 1508 cum

56 1548 355 1625 Strombichidem
364 1550 406 1621 ad
417 1548 553 1619 Samum
562 1548 672 1645 usque
681 1548 880 1644 persequuti

57 1661 221 1746 fuiffent,
231 1682 349 1735 nautas
361 1662 502 1757 quidem
516 1688 560 1736 ex
568 1660 805 1757 Peloponneso
818 1688 878 1736 nad

57 1776 166 1853 vibus
181 1778 334 1852 adrestos
348 1776 537 1862 armatum,-
551 1778 637 1852 etin
652 1776 743 1851 Chio
751 1776 878 1878 proest-¹

59 1892 121 1967 etii
129 1893 232 1991 cattsa
247 1893 476 1988 reliquerunt:
491 1893 566 1965 illas
575 1893 659 1966 ver'o
668 1893 817 1988 aliasque
827 1894 878 1967 vi-

60 2009 156 2104 ginti
177 2006 274 2080 Chiis
292 2007 416 2090 nautis,
436 2006 473 2078 in
486 2005 808 2103 Peloponnefiorum
825 2008 876 2081 lo·

39 2193 42 2200 ,
62 2148 146 2194 cum
156 2120 354 2205 substitutis,
365 2122 584 2216 complentes,
594 2121 759 2196 Miletum
773 2122 877 2217 petie-¹

62 2233 163 2321 rnnt,
184 2257 225 2309 ut
239 2239 281 2308 ad
296 2233 521 2310 defellionem
534 2233 723 2310 faciendam
737 2238 877 2309 induce·

62 2372 155 2424 rent.
184 2345 378 2424 Alcibiades
393 2352 495 2446 enim',
510 2352 566 2423 cui
580 2346 877 2424 ueceffitudocmtt

63 2464 281 2538 Milesrorum
301 2465 507 2561 primoribus
532 2464 775 2547 intercedebat,
799 2464 876 2539 illo:

64 2600 145 2652 rum
164 2578 357 2654 societatem
370 2579 428 2651 srbi
447 2580 542 2675 prius
561 2578 755 2662 conciliare,
774 2603 876 2674 quam

64 2691 170 2765 claffis
189 2720 232 2768 ex
246 2691 486 2789 Peloponneso
495 2694 640 2779 veniret,
660 2716 695 2766 et
710 2692 819 2777 Chiis,
839 2715 876 2768 et

64 2807 124 2880 fibi
135 2807 205 2903 ipst,
218 2829 252 2882 et
263 2807 461 2893 Chalcideo,
473 2831 507 2882 et
517 2808 672 2893 Endiom
682 2805 876 2905 quomiffus

66 2918 193 3006 fuerat,
218 2925 284 2996 hoc
305 2924 516 3020 praeclarum
537 2915 669 2997 facinus
689 2923 877 2996 attribuere

69 3037 214 3122 lolebat,
237 3040 520 3133 quemadmodum
542 3035 753 3134 promiserat,
781 3041 875 3132 quod

69 3167 158 3252 cnm·
173 3151 340 3240 Chiorum
367 3153 473 3249 copiis
501 3169 542 3246 et·
560 3153 747 3243 Chalcideo
773 3162 875 3246 quant
