2209 3575
216 209 700 307 uflucuwsslirn
781 236 857 321 153

39 360 132 410 aare
146 345 259 420 nares,
270 356 305 409 et
319 334 469 431 ipsorum
483 362 605 433 agrum
619 339 727 422 obire,
738 352 771 421 at
780 362 869 435 quoa

41 476 204 545 cunque,
225 470 343 522 etcum
362 465 410 522 tot
428 451 594 538 navibus„
607 474 691 549 quot
705 452 866 547 libuiffetq

42 564 92 635 T
94 589 167 635 unc
183 588 265 637 vero
279 563 505 638 Athenienses
522 593 591 641 nou
609 568 752 663 amplius
769 594 869 645 cunc·.

44 677 139 761 tati>
153 677 209 757 sed
219 676 444 758 existimantes
454 680 548 764 haec,
560 681 868 781 quaepostulabanq

45 806 129 874 tur,
149 792 243 871 nulla
257 795 388 880 ratione
402 793 478 869 fieri
493 793 598 889 poffe,
614 812 655 868 'et
658 796 699 893 se
708 795 756 883 ⁴ab
770 794 867 879 Alci·-

46 907 158 987 binde
167 907 325 999 deceptos
336 904 415 992 effe,
426 911 504 987 cum
513 910 564 991 ira
572 907 720 1006 digreffi,
730 909 867 995 Seruum

50 1019 92 1092 se
108 1043 341 1116 temperuntur
856 1060 859 1067 ·

120 1271 185 1342 57.
203 1247 282 1323 Post
300 1251 391 1324 haec·
404 1272 516 1327 autem
536 1250 783 1349 Tiffaphernes
803 1252 868 1329 sta*-

55 1366 123 1437 tim
136 1384 172 1437 et
182 1367 298 1438 eadem
311 1366 435 1461 hyeme
450 1368 485 1439 in
496 1367 653 1441 Caunum
663 1368 697 1441 se
712 1369 869 1467 contulit,

55 1480 142 1573 quia
157 1479 289 1557 volebat
301 1477 561 1575 Peloponnefios
575 1482 739 1565 Miletum
755 1481 870 1565 rursus

58 1596 238 1676 reducere,
253 1594 395 1688 aliisque
409 1596 630 1690 pastionibus,
650 1620 869 1692 quascunque

49 1709 174 1803 facere
188 1704 305 1804 pudet,
319 1710 430 1792 adhuc
442 1707 547 1795 farus,
563 1730 598 1785 et
612 1707 816 1806 stipendium
830 1707 871 1794 il,-

59 1821 106 1894 lis
128 1823 303 1917 praebere,
327 1823 469 1919 necfibi
487 1824 624 1920 prorsus
647 1821 759 1908 hostes
783 1824 871 1900 fieri.

59 1937 204 2009 Veritus
225 1961 281 2027 ne,
304 1938 328 2011 fi
349 1937 543 2011 laborarent
564 1940 677 2036 iuopia
699 1937 871 2035 stipendii,

60 2052 155 2146 quod
173 2075 315 2146 magnae
333 2049 420 2124 claffi
433 2055 515 2126 dare
529 2051 752 2148 poffent‚'aut
766 2055 872 2140 consti

61 2165 181 2246 navale
204 2166 373 2260 proelium
393 2191 473 2239 cum
492 2166 756 2244 Athenienfibus
779 2191 871 2240 conr·

60 2282 212 2367 mittere,
221 2278 474 2375 superarentur,
486 2302 545 2354 aut
559 2278 658 2354 clane
671 2283 809 2368 nudatm
819 2277 871 2362 A·

61 2393 294 2474 rhenienfibus
311 2395 379 2468 fine
397 2395 431 2468 se
450 2419 504 2468 res
523 2394 687 2468 exanimi
708 2394 871 2474 sententia

60 2507 292 2595 succederent·
327 2507 508 2599 Praeterea
530 2532 613 2594 iero
634 2509 778 2598 maxime
800 2533 872 2585 me·

69 2623 194 2705 tuebar,
224 2647 267 2708 ne
294 2621 349 2694 illi
372 2621 529 2718 stipendii
553 2624 739 2718 quaerendi
762 2623 872 2719 gratia

69 2737 294 2810 continentem
314 2738 572 2832 popularentur.
609 2737 747 2810 Harum
766 2737 873 2833 igitur

71 2852 218 2922 omnium
241 2877 356 2924 rerum
381 2851 546 2923 rationem
571 2853 712 2946 provide
732 2850 872 2944 habens,

71 2985 107 3036 ut
124 2963 421 3059 (quemadmodum
440 2963 593 3062 optabat)
613 2965 764 3038 Graecos
784 2965 873 3037 inter

72 3077 104 3154 se
121 3101 334 3176 coaequaret,
353 3079 602 3187 Peloponnefiis
616 3080 730 3154 accitis
748 3076 872 3178 stipen-
