2209 3575
229 189 741 304 'dilucium-ar„
788 207 871 302 πᾷ

52 314 187 427 quein
206 325 273 403 suin
286 329 517 430 pfffflonibus
540 345 573 403 et
580 331 644 430 fito
665 332 741 408 loco
758 329 876 431 quiete·

52 470 211 518 manere.
247 444 336 517 Cum
348 466 462 518 autem
476 466 510 517 et
523 445 587 517 alia
602 445 706 518 multa
720 460 874 518 comme-'
923 453 925 458 '

50 555 256 642 morafl‘ent,
281 560 392 632 nihilo
414 559 520 654 magis
541 573 651 632 tamen
674 583 724 630 eos
747 556 869 658 audire

52 673 267 769 voluerunt3
287 669 344 746 sed
357 671 629 768 indignabantur.
655 673 703 746 Et
716 671 773 744 alii
787 671 868 744 alias

52 785 245 876 sententias
259 786 432 876 dicebant;
455 787 636 880 praecipue
651 810 733 858 vero
747 785 791 857 de
807 808 874 856 na··

52 899 237 994 rigatione
255 899 291 970 in
306 897 484 973 Piraeeum
504 897 721 994 suscipienda,
760 897 871 972 Tunc

54 997 180 1090 autem
199 1010 391 1112 Alcibiades
410 1014 549 1109 primus,
571 1013 682 1103 etita,
703 1031 744 1084 ut
764 1035 867 1086 nemo

54 1127 185 1222 magis,
204 1126 247 1198 de
262 1127 433 1221 republica
449 1127 535 1198 bene
549 1127 689 1198 metitus
703 1121 802 1196 fuiffe
817 1126 869 1197 vi·-

56 1240 118 1312 sus
135 1237 197 1340 est,
234 1239 323 1312 Cum
339 1241 428 1313 enim
443 1237 680 1322 Athenienses,
700 1239 759 1331 qui
777 1233 874 1312 Sami·

56 1372 177 1436 erant,
197 1352 352 1425 adversus
366 1353 400 1425 se
416 1351 510 1446 ipsos·
521 1353 622 1424 animi
641 1354 787 1447 quodam
806 1353 869 1424 im·
889 1411 890 1416 ,

57 1488 151 1564 petu
163 1467 322 1560 navigare
339 1462 536 1567 statuiffent,
548 1464 663 1561 (quod
677 1465 700 1538 li
714 1461 870 1542 fecissent

59 1579 180 1654 hostes
199 1579 374 1653 confestim
394 1579 526 1652 Ioniam
547 1597 590 1650 et¹
603 1579 871 1673 Hellespontum

60 1697 105 1767 in
124 1693 216 1786 suam
234 1691 431 1788 potestatem
450 1689 631 1788 planiffime
652 1688 873 1788 redegiffent)
946 1713 948 1718 ·

61 1809 125 1880 hoc
150 1792 276 1879 illorum
299 1806 456 1903 corfilium
480 1821 581 1905 atque
600 1821 751 1878 conatum
774 1804 871 1901 ¹visto
928 1871 932 1883 ,

63 1922 116 2019 est
140 1917 353 2015 impediviffe.
396 1921 503 1992 Tunc
522 1941 634 1991 autem
652 1920 764 1993 nullus
786 1921 872 2020 alius⁴
950 1964 953 1973 ι

66 2036 172 2133 ἰΠαιῐιΙ
191 2034 442 2107 multitudinem
464 2032 674 2127 compescere
703 2032 872 2129 potniffet.
982 2060 985 2068 ·

67 2148 139 2221 Ille
152 2134 234 2220 tero
248 2168 283 2219 et
302 2130 387 2219 illud
402 2147 627 2242 navigationis
647 2147 787 2219 infestae
801 2145 875 2217 stus

69 2263 166 2338 dium
185 2260 322 2343 sedavit,
348 2282 381 2333 et
400 2286 469 2343 eos,
491 2261 550 2355 qui
574 2261 692 2353 legatis
716 2260 875 2353 privatim

70 2374 312 2456 irascebantur,
323 2375 510 2467 increpans,
521 2374 697 2444 deterruit.
727 2371 875 2466 Ipseauq·

72 2512 143 2562 tem
150 2472 242 2584 solus
257 2488 381 2586 legatos
395 2488 527 2588 dimisit,
547 2511 625 2557 cum
645 2486 716 2579 ipsis
737 2484 876 2578 respon·

74 2599 183 2684 disset,
212 2600 246 2673 se
268 2626 338 2671 non
356 2601 525 2694 ¹impedire
548 2600 631 2693 quin
657 2600 713 2669 illa
737 2602 877 2693 quidem

77 2714 226 2811 quinque
236 2715 339 2795 millia
351 2712 470 2785 civium
481 2713 659 2805 imperium
669 2708 878 2794 obtinerent,

79 2828 150 2923 ipfis
160 2846 270 2898 tamen
285 2829 463 2921 imperare,
477 2845 517 2896 ut
527 2825 602 2897 illos
612 2826 892 2921 quadringentou

80 2961 284 3023 amoverent,
300 2961 334 3012 et
350 2940 500 3013 senatum
515 2938 743 3019 restituerent,
764 2962 880 3032 quem·

81 3055 258 3135 admodum
280 3075 315 3129 et
338 3056 432 3152 prius
446 3049 575 3154 fmffit,
603 3048 884 3153 quingentorum
920 3148 923 3153 Ι
