<?xml version="1.0" encoding="UTF-8"?>
<!DOCTYPE html PUBLIC "-//W3C//DTD XHTML 1.0 Transitional//EN"
    "http://www.w3.org/TR/xhtml1/DTD/xhtml1-transitional.dtd">
<html xmlns="http://www.w3.org/1999/xhtml" xml:lang="en" lang="en">
 <head>
  <title>
</title>
<meta http-equiv="Content-Type" content="text/html;charset=utf-8" />
  <meta name='ocr-system' content='tesseract 3.04.00' />
  <meta name='ocr-capabilities' content='ocr_page ocr_carea ocr_par ocr_line ocrx_word'/>
</head>
<body>
  <div class='ocr_page' id='page_1' title='image "bellumpeloponne00unkngoog_0012.png"; bbox 0 0 2209 3575; ppageno 0'>
   <div class='ocr_carea' id='block_1_1' title="bbox 233 208 862 316">
    <p class='ocr_par' dir='ltr' id='par_1_1' title="bbox 233 208 862 316">
     <span class='ocr_line' id='line_1_1' title="bbox 233 208 862 316; baseline -0.005 -20"><span class='ocrx_word' id='word_1_1' title='bbox 233 220 260 296; x_wconf 88' lang='lat'>6</span> <span class='ocrx_word' id='word_1_2' title='bbox 408 209 677 291; x_wconf 87' lang='lat' dir='ltr'>THUCYD</span> <span class='ocrx_word' id='word_1_3' title='bbox 697 208 803 290; x_wconf 86' lang='lat' dir='ltr'>VIII</span> <span class='ocrx_word' id='word_1_4' title='bbox 829 236 862 316; x_wconf 80' lang='grc' dir='ltr'>ι.</span> 
     </span>
    </p>
   </div>
   <div class='ocr_carea' id='block_1_2' title="bbox 227 340 1096 3094">
    <p class='ocr_par' dir='ltr' id='par_1_2' title="bbox 227 340 1096 3094">
     <span class='ocr_line' id='line_1_2' title="bbox 228 340 1038 440; baseline -0.001 -22"><span class='ocrx_word' id='word_1_5' title='bbox 228 348 336 427; x_wconf 81' lang='lat' dir='ltr'>ditatu</span> <span class='ocrx_word' id='word_1_6' title='bbox 353 364 387 417; x_wconf 90' lang='lat' dir='ltr'>et</span> <span class='ocrx_word' id='word_1_7' title='bbox 403 346 571 439; x_wconf 78' lang='lat' dir='ltr'>equitatu,</span> <span class='ocrx_word' id='word_1_8' title='bbox 587 363 622 413; x_wconf 92' lang='lat' dir='ltr'>et</span> <span class='ocrx_word' id='word_1_9' title='bbox 631 344 827 440; x_wconf 77' lang='lat' dir='ltr'>juventute,</span> <span class='ocrx_word' id='word_1_10' title='bbox 836 340 1038 448; x_wconf 74' lang='lat' dir='ltr'>qualeml-</span> 
     </span>
     <span class='ocr_line' id='line_1_3' title="bbox 227 450 1037 562; baseline -0.004 -27"><span class='ocrx_word' id='word_1_11' title='bbox 227 482 335 535; x_wconf 91' lang='lat' dir='ltr'>teram</span> <span class='ocrx_word' id='word_1_12' title='bbox 350 455 517 553; x_wconf 84' lang='lat' dir='ltr'>superesse</span> <span class='ocrx_word' id='word_1_13' title='bbox 532 482 601 539; x_wconf 90' lang='lat' dir='ltr'>non</span> <span class='ocrx_word' id='word_1_14' title='bbox 616 452 784 529; x_wconf 84' lang='lat' dir='ltr'>videbant</span> <span class='ocrx_word' id='word_1_15' title='bbox 814 450 932 529; x_wconf 85' lang='lat' dir='ltr'>Simul</span> <span class='ocrx_word' id='word_1_16' title='bbox 938 460 1037 562; x_wconf 90' lang='lat' dir='ltr'>etiam</span> 
     </span>
     <span class='ocr_line' id='line_1_4' title="bbox 227 559 1051 671; baseline -0.001 -25"><span class='ocrx_word' id='word_1_17' title='bbox 227 578 322 671; x_wconf 92' lang='lat' dir='ltr'>quod</span> <span class='ocrx_word' id='word_1_18' title='bbox 337 575 503 655; x_wconf 87' lang='lat' dir='ltr'>viderent,</span> <span class='ocrx_word' id='word_1_19' title='bbox 520 598 591 645; x_wconf 88' lang='lat' dir='ltr'>non</span> <span class='ocrx_word' id='word_1_20' title='bbox 607 570 683 645; x_wconf 89' lang='lat' dir='ltr'>satis</span> <span class='ocrx_word' id='word_1_21' title='bbox 698 570 765 645; x_wconf 85' lang='lat' dir='ltr'>effe</span> <span class='ocrx_word' id='word_1_22' title='bbox 779 559 916 656; x_wconf 82' lang='lat' dir='ltr'>navium</span> <span class='ocrx_word' id='word_1_23' title='bbox 932 574 967 644; x_wconf 90' lang='lat' dir='ltr'>in</span> <span class='ocrx_word' id='word_1_24' title='bbox 981 599 1051 646; x_wconf 90' lang='lat' dir='ltr'>na·</span> 
     </span>
     <span class='ocr_line' id='line_1_5' title="bbox 230 666 1040 791; baseline 0 -30"><span class='ocrx_word' id='word_1_25' title='bbox 230 690 374 771; x_wconf 69' lang='lat' dir='ltr'>nolimu,</span> <span class='ocrx_word' id='word_1_26' title='bbox 395 714 457 759; x_wconf 90' lang='lat' dir='ltr'>nec</span> <span class='ocrx_word' id='word_1_27' title='bbox 467 666 544 791; x_wconf 68' lang='lat' dir='ltr'>sui&#39;</span> <span class='ocrx_word' id='word_1_28' title='bbox 532 715 561 757; x_wconf 80' lang='grc' dir='ltr'>ιι</span> <span class='ocrx_word' id='word_1_29' title='bbox 577 688 740 781; x_wconf 89' lang='lat' dir='ltr'>pecuniae</span> <span class='ocrx_word' id='word_1_30' title='bbox 760 686 795 759; x_wconf 92' lang='lat' dir='ltr'>in</span> <span class='ocrx_word' id='word_1_31' title='bbox 815 688 958 771; x_wconf 86' lang='lat' dir='ltr'>aerari0‚</span> <span class='ocrx_word' id='word_1_32' title='bbox 977 713 1040 761; x_wconf 90' lang='lat' dir='ltr'>nec</span> 
     </span>
     <span class='ocr_line' id='line_1_6' title="bbox 229 800 1040 878; baseline -0.004 0"><span class='ocrx_word' id='word_1_33' title='bbox 229 826 515 878; x_wconf 83' lang='lat' dir='ltr'>armamentorum</span> <span class='ocrx_word' id='word_1_34' title='bbox 530 805 572 872; x_wconf 90' lang='lat' dir='ltr'>ad</span> <span class='ocrx_word' id='word_1_35' title='bbox 586 804 738 873; x_wconf 91' lang='lat' dir='ltr'>nauticos</span> <span class='ocrx_word' id='word_1_36' title='bbox 749 802 827 874; x_wconf 88' lang='lat' dir='ltr'>usus</span> <span class='ocrx_word' id='word_1_37' title='bbox 841 800 1040 875; x_wconf 84' lang='lat' dir='ltr'>neceffario·</span> 
     </span>
     <span class='ocr_line' id='line_1_7' title="bbox 231 916 1096 1020; baseline 0 -31"><span class='ocrx_word' id='word_1_38' title='bbox 231 941 319 1003; x_wconf 83' lang='lat' dir='ltr'>rum,</span> <span class='ocrx_word' id='word_1_39' title='bbox 330 920 364 989; x_wconf 92' lang='lat' dir='ltr'>in</span> <span class='ocrx_word' id='word_1_40' title='bbox 376 916 562 1012; x_wconf 80' lang='lat' dir='ltr'>praesentia</span> <span class='ocrx_word' id='word_1_41' title='bbox 573 916 682 990; x_wconf 82' lang='lat' dir='ltr'>desua</span> <span class='ocrx_word' id='word_1_42' title='bbox 694 916 1041 1011; x_wconf 84' lang='lat' dir='ltr'>salutedesperabant.</span> <span class='ocrx_word' id='word_1_43' title='bbox 1095 979 1096 1020; x_wconf 23' lang='grc' dir='ltr'>ᾖ</span> 
     </span>
     <span class='ocr_line' id='line_1_8' title="bbox 231 1019 1041 1127; baseline -0.005 -22"><span class='ocrx_word' id='word_1_44' title='bbox 231 1057 265 1105; x_wconf 91' lang='lat' dir='ltr'>et</span> <span class='ocrx_word' id='word_1_45' title='bbox 286 1032 397 1105; x_wconf 89' lang='lat' dir='ltr'>hostes</span> <span class='ocrx_word' id='word_1_46' title='bbox 413 1058 455 1104; x_wconf 86' lang='lat' dir='ltr'>ex</span> <span class='ocrx_word' id='word_1_47' title='bbox 470 1031 584 1104; x_wconf 87' lang='lat' dir='ltr'>Sicilia</span> <span class='ocrx_word' id='word_1_48' title='bbox 599 1057 676 1103; x_wconf 89' lang='lat' dir='ltr'>cum</span> <span class='ocrx_word' id='word_1_49' title='bbox 696 1028 794 1104; x_wconf 84' lang='lat' dir='ltr'>claffe</span> <span class='ocrx_word' id='word_1_50' title='bbox 809 1030 985 1103; x_wconf 88' lang='lat' dir='ltr'>confestim</span> <span class='ocrx_word' id='word_1_51' title='bbox 1005 1019 1041 1127; x_wconf 84' lang='lat' dir='ltr'>in</span> 
     </span>
     <span class='ocr_line' id='line_1_9' title="bbox 230 1133 1096 1231; baseline -0.002 -11"><span class='ocrx_word' id='word_1_52' title='bbox 230 1144 410 1220; x_wconf 80' lang='lat' dir='ltr'>Piraeeum</span> <span class='ocrx_word' id='word_1_53' title='bbox 427 1146 585 1231; x_wconf 80' lang='lat' dir='ltr'>adversus</span> <span class='ocrx_word' id='word_1_54' title='bbox 604 1145 816 1221; x_wconf 73' lang='lat' dir='ltr'>{eventurus</span> <span class='ocrx_word' id='word_1_55' title='bbox 834 1148 1042 1223; x_wconf 83' lang='lat' dir='ltr'>arbitraban-</span> <span class='ocrx_word' id='word_1_56' title='bbox 1095 1133 1096 1196; x_wconf 62' lang='lat' dir='ltr'>i</span> 
     </span>
     <span class='ocr_line' id='line_1_10' title="bbox 232 1260 1043 1356; baseline -0.002 -20"><span class='ocrx_word' id='word_1_57' title='bbox 232 1282 302 1346; x_wconf 90' lang='lat' dir='ltr'>tur,</span> <span class='ocrx_word' id='word_1_58' title='bbox 318 1260 515 1356; x_wconf 87' lang='lat' dir='ltr'>praesertim</span> <span class='ocrx_word' id='word_1_59' title='bbox 530 1280 621 1331; x_wconf 89' lang='lat' dir='ltr'>tanta</span> <span class='ocrx_word' id='word_1_60' title='bbox 636 1261 773 1332; x_wconf 66' lang='lat' dir='ltr'>vicioria</span> <span class='ocrx_word' id='word_1_61' title='bbox 789 1262 930 1354; x_wconf 80' lang='lat' dir='ltr'>potitos:</span> <span class='ocrx_word' id='word_1_62' title='bbox 947 1262 1043 1355; x_wconf 89' lang='lat' dir='ltr'>quin·</span> 
     </span>
     <span class='ocr_line' id='line_1_11' title="bbox 232 1373 1055 1469; baseline 0.002 -20"><span class='ocrx_word' id='word_1_63' title='bbox 232 1379 334 1453; x_wconf 84' lang='lat' dir='ltr'>etiam</span> <span class='ocrx_word' id='word_1_64' title='bbox 349 1373 473 1457; x_wconf 84' lang='lat' dir='ltr'>hostes,</span> <span class='ocrx_word' id='word_1_65' title='bbox 484 1376 542 1468; x_wconf 91' lang='lat' dir='ltr'>qui</span> <span class='ocrx_word' id='word_1_66' title='bbox 559 1376 594 1444; x_wconf 91' lang='lat' dir='ltr'>in</span> <span class='ocrx_word' id='word_1_67' title='bbox 610 1375 667 1462; x_wconf 81' lang='lat' dir='ltr'>illa</span> <span class='ocrx_word' id='word_1_68' title='bbox 681 1376 823 1469; x_wconf 85' lang='lat' dir='ltr'>regione</span> <span class='ocrx_word' id='word_1_69' title='bbox 836 1374 929 1451; x_wconf 88' lang='lat' dir='ltr'>sedes</span> <span class='ocrx_word' id='word_1_70' title='bbox 943 1376 1055 1469; x_wconf 81' lang='lat' dir='ltr'>habe·-</span> 
     </span>
     <span class='ocr_line' id='line_1_12' title="bbox 233 1489 1045 1595; baseline -0.002 -30"><span class='ocrx_word' id='word_1_71' title='bbox 233 1492 327 1576; x_wconf 83' lang='lat' dir='ltr'>bant&#39;,</span> <span class='ocrx_word' id='word_1_72' title='bbox 344 1510 528 1565; x_wconf 86' lang='lat' dir='ltr'>tunecerte</span> <span class='ocrx_word' id='word_1_73' title='bbox 538 1514 617 1595; x_wconf 81' lang='lat' dir='ltr'>cum</span> <span class='ocrx_word' id='word_1_74' title='bbox 631 1489 755 1561; x_wconf 87' lang='lat' dir='ltr'>bellico</span> <span class='ocrx_word' id='word_1_75' title='bbox 770 1516 885 1565; x_wconf 89' lang='lat' dir='ltr'>rerum</span> <span class='ocrx_word' id='word_1_76' title='bbox 895 1492 1045 1582; x_wconf 84' lang='lat' dir='ltr'>omnium</span> 
     </span>
     <span class='ocr_line' id='line_1_13' title="bbox 231 1603 1045 1702; baseline 0 -21"><span class='ocrx_word' id='word_1_77' title='bbox 231 1626 396 1701; x_wconf 84' lang='lat' dir='ltr'>apparatu</span> <span class='ocrx_word' id='word_1_78' title='bbox 418 1606 525 1699; x_wconf 89' lang='lat' dir='ltr'>duplo</span> <span class='ocrx_word' id='word_1_79' title='bbox 547 1606 674 1702; x_wconf 88' lang='lat' dir='ltr'>majore</span> <span class='ocrx_word' id='word_1_80' title='bbox 695 1604 840 1700; x_wconf 85' lang='lat' dir='ltr'>suosque</span> <span class='ocrx_word' id='word_1_81' title='bbox 859 1603 966 1680; x_wconf 84' lang='lat' dir='ltr'>socios</span> <span class='ocrx_word' id='word_1_82' title='bbox 984 1609 1045 1691; x_wconf 50' lang='lat' dir='ltr'>de?</span> 
     </span>
     <span class='ocr_line' id='line_1_14' title="bbox 233 1717 1046 1818; baseline -0.001 -24"><span class='ocrx_word' id='word_1_83' title='bbox 233 1720 380 1798; x_wconf 74' lang='lat' dir='ltr'>senione</span> <span class='ocrx_word' id='word_1_84' title='bbox 392 1721 435 1792; x_wconf 84' lang='lat' dir='ltr'>ab</span> <span class='ocrx_word' id='word_1_85' title='bbox 448 1717 814 1816; x_wconf 68' lang='lat' dir='ltr'>Athenietfibusfabla</span> <span class='ocrx_word' id='word_1_86' title='bbox 824 1744 890 1793; x_wconf 87' lang='lat' dir='ltr'>una</span> <span class='ocrx_word' id='word_1_87' title='bbox 900 1745 977 1793; x_wconf 85' lang='lat' dir='ltr'>cum</span> <span class='ocrx_word' id='word_1_88' title='bbox 993 1722 1046 1818; x_wconf 89' lang='lat' dir='ltr'>ip-</span> 
     </span>
     <span class='ocr_line' id='line_1_15' title="bbox 234 1835 1046 1938; baseline 0.003 -32"><span class='ocrx_word' id='word_1_89' title='bbox 234 1836 293 1933; x_wconf 77' lang='lat' dir='ltr'>fisj</span> <span class='ocrx_word' id='word_1_90' title='bbox 296 1861 349 1910; x_wconf 87' lang='lat' dir='ltr'>am</span> <span class='ocrx_word' id='word_1_91' title='bbox 360 1855 439 1906; x_wconf 76' lang='lat' dir='ltr'>totis</span> <span class='ocrx_word' id='word_1_92' title='bbox 450 1835 590 1918; x_wconf 84' lang='lat' dir='ltr'>vrnbus,</span> <span class='ocrx_word' id='word_1_93' title='bbox 600 1856 691 1912; x_wconf 84' lang='lat' dir='ltr'>terra</span> <span class='ocrx_word' id='word_1_94' title='bbox 701 1859 853 1930; x_wconf 78' lang='lat' dir='ltr'>marique</span> <span class='ocrx_word' id='word_1_95' title='bbox 852 1836 962 1938; x_wconf 80' lang='lat' dir='ltr'>suam</span> <span class='ocrx_word' id='word_1_96' title='bbox 964 1863 1046 1908; x_wconf 84' lang='lat' dir='ltr'>rem</span> 
     </span>
     <span class='ocr_line' id='line_1_16' title="bbox 229 1948 1047 2050; baseline 0.002 -30"><span class='ocrx_word' id='word_1_97' title='bbox 229 1949 330 2050; x_wconf 82' lang='lat' dir='ltr'>publ&#39;</span> <span class='ocrx_word' id='word_1_98' title='bbox 318 1975 401 2022; x_wconf 83' lang='lat' dir='ltr'>team</span> <span class='ocrx_word' id='word_1_99' title='bbox 412 1971 686 2047; x_wconf 84' lang='lat' dir='ltr'>oppugnaturos</span> <span class='ocrx_word' id='word_1_100' title='bbox 700 1949 934 2022; x_wconf 78' lang='lat' dir='ltr'>Veruntamen</span> <span class='ocrx_word' id='word_1_101' title='bbox 946 1948 1020 2044; x_wconf 85' lang='lat' dir='ltr'>(ut</span> <span class='ocrx_word' id='word_1_102' title='bbox 1011 1978 1047 2030; x_wconf 90' lang='lat' dir='ltr'>m</span> 
     </span>
     <span class='ocr_line' id='line_1_17' title="bbox 234 2062 1047 2167; baseline 0.004 -31.008"><span class='ocrx_word' id='word_1_103' title='bbox 234 2063 404 2160; x_wconf 83' lang='lat' dir='ltr'>praesenti</span> <span class='ocrx_word' id='word_1_104' title='bbox 425 2089 540 2167; x_wconf 86' lang='lat' dir='ltr'>retum</span> <span class='ocrx_word' id='word_1_105' title='bbox 559 2062 647 2153; x_wconf 88' lang='lat' dir='ltr'>statu</span> <span class='ocrx_word' id='word_1_106' title='bbox 663 2063 804 2149; x_wconf 81' lang='lat' dir='ltr'>facultas</span> <span class='ocrx_word' id='word_1_107' title='bbox 823 2065 1029 2162; x_wconf 89' lang='lat' dir='ltr'>dabatur)</span> <span class='ocrx_word' id='word_1_108' title='bbox 997 2092 1047 2140; x_wconf 83' lang='grc' dir='ltr'>ιι·</span> 
     </span>
     <span class='ocr_line' id='line_1_18' title="bbox 236 2176 1049 2273; baseline 0.005 -23"><span class='ocrx_word' id='word_1_109' title='bbox 236 2179 310 2254; x_wconf 80' lang='lat' dir='ltr'>sum</span> <span class='ocrx_word' id='word_1_110' title='bbox 331 2176 468 2250; x_wconf 90' lang='lat' dir='ltr'>estnon</span> <span class='ocrx_word' id='word_1_111' title='bbox 490 2198 651 2273; x_wconf 88' lang='lat' dir='ltr'>oportere</span> <span class='ocrx_word' id='word_1_112' title='bbox 671 2178 907 2255; x_wconf 85' lang='lat' dir='ltr'>succumbere:</span> <span class='ocrx_word' id='word_1_113' title='bbox 931 2179 990 2252; x_wconf 88' lang='lat' dir='ltr'>sed</span> <span class='ocrx_word' id='word_1_114' title='bbox 1012 2201 1049 2254; x_wconf 89' lang='lat' dir='ltr'>et</span> 
     </span>
     <span class='ocr_line' id='line_1_19' title="bbox 237 2291 1050 2388; baseline 0.002 -22"><span class='ocrx_word' id='word_1_115' title='bbox 237 2291 369 2370; x_wconf 79' lang='lat' dir='ltr'>claffem</span> <span class='ocrx_word' id='word_1_116' title='bbox 380 2317 512 2387; x_wconf 86' lang='lat' dir='ltr'>parare</span> <span class='ocrx_word' id='word_1_117' title='bbox 523 2314 662 2366; x_wconf 74' lang='lat' dir='ltr'>materia</span> <span class='ocrx_word' id='word_1_118' title='bbox 671 2313 707 2365; x_wconf 91' lang='lat' dir='ltr'>et</span> <span class='ocrx_word' id='word_1_119' title='bbox 716 2317 859 2388; x_wconf 77' lang='lat' dir='ltr'>pecunia</span> <span class='ocrx_word' id='word_1_120' title='bbox 870 2296 961 2367; x_wconf 88' lang='lat' dir='ltr'>unde</span> <span class='ocrx_word' id='word_1_121' title='bbox 971 2294 1050 2388; x_wconf 84' lang='lat' dir='ltr'>pos</span> 
     </span>
     <span class='ocr_line' id='line_1_20' title="bbox 232 2406 1049 2512; baseline 0.001 -31"><span class='ocrx_word' id='word_1_122' title='bbox 232 2408 310 2512; x_wconf 81' lang='lat' dir='ltr'>-sent</span> <span class='ocrx_word' id='word_1_123' title='bbox 326 2428 532 2502; x_wconf 82' lang='lat' dir='ltr'>comparata;</span> <span class='ocrx_word' id='word_1_124' title='bbox 549 2426 583 2478; x_wconf 91' lang='lat' dir='ltr'>et</span> <span class='ocrx_word' id='word_1_125' title='bbox 598 2406 704 2493; x_wconf 86' lang='lat' dir='ltr'>socios</span> <span class='ocrx_word' id='word_1_126' title='bbox 718 2409 887 2502; x_wconf 88' lang='lat' dir='ltr'>praefidiis</span> <span class='ocrx_word' id='word_1_127' title='bbox 898 2409 1049 2512; x_wconf 87' lang='lat' dir='ltr'>firmare,</span> 
     </span>
     <span class='ocr_line' id='line_1_21' title="bbox 238 2508 1052 2616; baseline 0.001 -20"><span class='ocrx_word' id='word_1_128' title='bbox 238 2543 274 2596; x_wconf 89' lang='lat' dir='ltr'>et</span> <span class='ocrx_word' id='word_1_129' title='bbox 291 2523 473 2616; x_wconf 84' lang='lat' dir='ltr'>praecipue</span> <span class='ocrx_word' id='word_1_130' title='bbox 488 2521 680 2612; x_wconf 81' lang='lat' dir='ltr'>Euboeam3</span> <span class='ocrx_word' id='word_1_131' title='bbox 701 2544 736 2596; x_wconf 87' lang='lat' dir='ltr'>ct</span> <span class='ocrx_word' id='word_1_132' title='bbox 756 2549 809 2596; x_wconf 84' lang='lat' dir='ltr'>res</span> <span class='ocrx_word' id='word_1_133' title='bbox 823 2508 969 2598; x_wconf 80' lang='lat' dir='ltr'>urbanas</span> <span class='ocrx_word' id='word_1_134' title='bbox 988 2526 1052 2597; x_wconf 86' lang='lat' dir='ltr'>ali</span> 
     </span>
     <span class='ocr_line' id='line_1_22' title="bbox 236 2637 1052 2734; baseline 0.001 -24"><span class='ocrx_word' id='word_1_135' title='bbox 236 2661 306 2733; x_wconf 86' lang='lat' dir='ltr'>qua</span> <span class='ocrx_word' id='word_1_136' title='bbox 317 2663 360 2709; x_wconf 86' lang='lat' dir='ltr'>ex</span> <span class='ocrx_word' id='word_1_137' title='bbox 374 2659 469 2731; x_wconf 87' lang='lat' dir='ltr'>parte</span> <span class='ocrx_word' id='word_1_138' title='bbox 480 2637 654 2731; x_wconf 89' lang='lat' dir='ltr'>corrigere</span> <span class='ocrx_word' id='word_1_139' title='bbox 664 2637 918 2734; x_wconf 86' lang='lat' dir='ltr'>sumtusque</span> <span class='ocrx_word' id='word_1_140' title='bbox 875 2665 1052 2722; x_wconf 76' lang='lat' dir='ltr'>mtnuere;</span> 
     </span>
     <span class='ocr_line' id='line_1_23' title="bbox 240 2739 1096 2849; baseline 0 -23"><span class='ocrx_word' id='word_1_141' title='bbox 240 2775 275 2826; x_wconf 89' lang='lat' dir='ltr'>et</span> <span class='ocrx_word' id='word_1_142' title='bbox 294 2739 531 2841; x_wconf 67' lang='lat' dir='ltr'>ereareetiam</span> <span class='ocrx_word' id='word_1_143' title='bbox 545 2750 681 2849; x_wconf 76' lang='lat' dir='ltr'>placuit</span> <span class='ocrx_word' id='word_1_144' title='bbox 699 2753 847 2848; x_wconf 87' lang='lat' dir='ltr'>aliquem</span> <span class='ocrx_word' id='word_1_145' title='bbox 865 2752 1056 2849; x_wconf 86' lang='lat' dir='ltr'>Magistra·</span> <span class='ocrx_word' id='word_1_146' title='bbox 1095 2746 1096 2753; x_wconf 7' lang='grc' dir='ltr'>ἵ</span> 
     </span>
     <span class='ocr_line' id='line_1_24' title="bbox 241 2866 1055 2972; baseline 0.002 -32"><span class='ocrx_word' id='word_1_147' title='bbox 241 2886 315 2940; x_wconf 87' lang='lat' dir='ltr'>tum</span> <span class='ocrx_word' id='word_1_148' title='bbox 325 2867 506 2951; x_wconf 85' lang='lat' dir='ltr'>seniorum,</span> <span class='ocrx_word' id='word_1_149' title='bbox 522 2868 581 2960; x_wconf 85' lang='lat' dir='ltr'>qui</span> <span class='ocrx_word' id='word_1_150' title='bbox 591 2867 635 2956; x_wconf 83' lang='lat' dir='ltr'>de</span> <span class='ocrx_word' id='word_1_151' title='bbox 644 2867 812 2961; x_wconf 85' lang='lat' dir='ltr'>praesenti</span> <span class='ocrx_word' id='word_1_152' title='bbox 822 2895 937 2943; x_wconf 85' lang='lat' dir='ltr'>rerum</span> <span class='ocrx_word' id='word_1_153' title='bbox 948 2866 1055 2972; x_wconf 52' lang='lat' dir='ltr'>statu3</span> 
     </span>
     <span class='ocr_line' id='line_1_25' title="bbox 240 2973 1059 3094; baseline -0.004 -34"><span class='ocrx_word' id='word_1_154' title='bbox 240 2983 324 3094; x_wconf 60' lang='lat' dir='ltr'>pum</span> <span class='ocrx_word' id='word_1_155' title='bbox 339 2981 449 3094; x_wconf 74' lang='lat' dir='ltr'>adhuc</span> <span class='ocrx_word' id='word_1_156' title='bbox 464 2973 597 3087; x_wconf 59' lang='lat' dir='ltr'>temput&#39;</span> <span class='ocrx_word' id='word_1_157' title='bbox 611 3003 845 3091; x_wconf 80' lang='lat' dir='ltr'>opportunum</span> <span class='ocrx_word' id='word_1_158' title='bbox 859 2981 953 3091; x_wconf 76' lang='lat' dir='ltr'>effer,</span> <span class='ocrx_word' id='word_1_159' title='bbox 971 3004 1059 3094; x_wconf 73' lang='lat' dir='ltr'>ante</span> 
     </span>
    </p>
   </div>
   <div class='ocr_carea' id='block_1_3' title="bbox 0 0 1124 3575">
    <p class='ocr_par' dir='ltr' id='par_1_3' title="bbox 0 0 1124 3575">
     <span class='ocr_line' id='line_1_26' title="bbox 0 0 1124 3575; baseline 0 0"><span class='ocrx_word' id='word_1_160' title='bbox 0 0 1124 3575; x_wconf 95' lang='lat' dir='ltr'> </span> 
     </span>
    </p>
   </div>
  </div>
 </body>
</html>
