2209 3575
238 197 627 285 supernum.
651 204 684 275 a
811 156 858 295 aa

60 327 210 420 tutibus,
228 350 273 400 ne
288 326 509 401 Athenienses
530 322 756 409 resciscerent}
775 322 864 422 quae

63 444 289 537 agitabantur,
310 439 398 536 (nam
418 466 533 514 omnes
548 442 632 514 clam
651 440 719 512 illis
733 440 865 535 legatos

65 555 334 627 Lacedaemonem
349 554 520 652 miserant)
531 554 789 628 Lacedaemonii
803 554 865 627 mi·
917 602 919 605 -

65 667 180 741 serunt
198 671 369 741 tresviros
389 670 569 765 Spartanos
588 669 805 753 Corinthum,
824 687 866 740 ut

63 807 162 876 quam
177 783 352 857 celerrime
366 784 409 855 ab
423 785 530 855 altero
544 784 640 867 mari,
660 783 695 855 in
710 782 758 866 id,
771 784 866 878 quod

63 896 217 969 Athenas
250 896 384 990 speiiat,
417 898 571 981 naribus,
604 922 666 993 per
697 893 865 969 Isthmum

62 1012 267 1095 transveffis,
282 1036 396 1083 ornnes
411 1014 445 1083 in
460 1011 586 1084 Chium
600 1012 759 1106 naviga-re
767 1011 867 1109 jube·

63 1146 154 1208 rent,
176 1145 243 1196 tarn
261 1150 329 1212 eas,
350 1150 432 1219 quas
451 1124 537 1221 Agis
556 1145 811 1221 praeparaverat
830 1125 865 1199 in

62 1238 214 1311 Lesbum
234 1238 424 1323 mittendas,
447 1264 547 1335 quarn
565 1259 722 1312 caeteras.
758 1238 867 1311 Erant

62 1372 178 1425 autem
206 1354 275 1424 illie
302 1352 476 1426 universae
502 1352 667 1426 sociarum
689 1349 869 1427 civitatum

63 1492 165 1539 nares
179 1492 321 1541 numero
339 1469 663 1563 undequadraginta.

73 1742 77 1751 -
128 1700 161 1767 8.
176 1694 361 1791 Calligerus
370 1716 481 1767 autem
490 1714 524 1767 et
536 1695 752 1791 Timagoras,
763 1689 867 1767 Rhar-

62 1810 185 1884 nabazi
201 1811 316 1904 legati,
336 1811 436 1908 hujus
451 1807 552 1881 claffis
568 1811 743 1882 in'Chiurn
762 1809 865 1904 profi·

63 1923 219 1996 niscentis
238 1925 417 2018 participes
439 1921 505 1996 effe
528 1924 729 2013 noluerunt;
755 1946 867 2020 neque

64 2038 225 2134 pecunias
244 2039 424 2128 dederunt,
442 2063 524 2133 quas
539 2037 652 2110 seeum
670 2037 868 2122 attulerane

64 2173 107 2226 ut
122 2149 223 2224 claffis
238 2152 442 2234 mitteretur,
459 2153 610 2248 quinque
629 2171 663 2226 et
678 2152 798 2247 viginti
816 2173 870 2222 ta·¹

65 2265 240 2347 lenta,.,sed
254 2263 364 2360 postea
381 2290 441 2360 per
455 2265 488 2338 se
498 2291 576 2338 eum
589 2267 653 2338 'alia
662 2261 760 2338 elaffe
773 2264 868 2364 nasi*

66 2405 151 2476 gare
166 2376 362 2452 statuerunt.
390 2378 477 2474 Agis
492 2403 615 2463 autern,
632 2403 710 2450 cum
724 2374 866 2462 vidiffet,

66 2493 518 2587 Lacedaemoniosprimum
539 2495 574 2566 in
596 2493 723 2565 Chium
745 2488 871 2589 claffem

67 2605 198 2680 mittere
213 2603 369 2689 statuiffe,
388 2631 431 2680 ne
446 2608 514 2701 ipse
529 2607 667 2703 quidem
680 2603 773 2680 aliud
790 2630 868 2680 cen·

69 2721 153 2794 suit:
178 2719 235 2794 sed
258 2719 350 2803 socii,
374 2745 456 2793 curn*
470 2721 676 2794 Corinthum
696 2720 869 2794 convenis·

70 2834 156 2919 sent,
170 2835 359 2908 consultare
373 2857 569 2930 coeperunt.
597 2834 678 2931 Ipfis
692 2855 804 2908 autem
819 2835 869 2907 ri·

72 2947 144 3024 sum
158 2947 206 3050 est
222 2950 367 3050 primum
381 2947 521 3052 quidem,
541 2951 578 3037 in
591 2949 717 3045 Chium
731 2945 798 3027 effe
810 2969 872 3039 nar
