2209 3575
186 202 592 301 Tuncrum,
616 198 756 309 13144.1
831 234 877 314 3⁷

67 332 171 409 Ionia
188 336 368 425 deficeret,
387 356 422 409 et
438 338 531 434 regis
551 336 692 409 societas
708 334 883 411 ‘Lacedae-

71 452 197 523 moniis
213 454 461 535 conciliaretur,
481 474 545 525 nec
559 449 684 546 Agidis
698 452 766 523 hoc
784 474 883 545 prae·

73 564 204 637 clarum
212 564 343 639 sacinus
353 563 445 639 effer.
467 564 664 639 Alcibiades
673 566 765 639 enim
774 563 884 661 Agidi

75 684 148 751 er'at
166 679 331 753 inimicus.
366 680 438 752 Hic
459 681 568 777 igitur
586 705 665 753 cum
685 700 721 753 et
741 682 884 755 caeteris

72 792 884 890 EphorisetEndiotempersuastffet,cnmquin-

71 932 139 1000 que
167 910 311 997 naribus
340 930 374 983 et
402 908 590 981 Chalcideo
612 908 886 982 Lacedaemonio

68 1020 228 1097 discedit:
258 1044 295 1097 et
318 1024 543 1120 navigationis
565 1022 702 1096 cursum
725 1024 912 1100 celeriter

73 1136 309 1211 confecerunt.

132 1390 146 1437 1
163 1392 194 1465 3.
212 1364 282 1441 Per
298 1367 493 1441 hoc'autem
504 1368 599 1440 idem
614 1388 759 1463 tempus,
775 1392 818 1440 ex
832 1367 885 1440 Si„

73 1478 149 1551 cilia
162 1480 197 1554 se
207 1484 335 1554 domum
350 1482 570 1577 recipiebant,
581 1503 616 1554 et
625 1480 794 1554 sexdecim
808 1482 887 1554 illae

75 1590 397 1691 Peloponnesiorum
406 1622 520 1679 nares,
534 1620 622 1690 quae
631 1597 719 1669 duce
730 1595 887 1692 Gylippo

76 1706 300 1810 Syracusanas
322 1713 361 1783 in
384 1706 477 1783 bello
499 1713 654 1807 gerendo
674 1711 887 1810 adjuverant,

71 1844 110 1896 .et
127 1839 216 1920 quae
232 1827 324 1899 circa
338 1825 545 1900 Leucadiam
563 1826 796 1922 deprehensae
809 1825 888 1899 fue·

64 1939 163 2024 rant,
183 1962 218 2013 et
233 1959 375 2014 vexatae
389 1965 408 2012 a
427 1940 556 2036 septem
574 1960 610 2013 et
623 1940 746 2037 viginti
761 1940 888 2023 Atticis

76 2053 230 2140 navibus,
260 2055 384 2150 quibus
413 2075 569 2148 praeerat
591 2055 784 2149 Hippocles
806 2055 888 2128 Me·

77 2168 170 2263 nippi
178 2167 298 2267 filius,
320 2170 381 2264 qui
399 2167 508 2242 clasl'rs-
522 2194 566 2242 ex
584 2168 698 2242 Sicilia
717 2167 888 2241 redeuntis

79 2283 227 2356 reditum
237 2281 444 2356 observabat.
471 2282 566 2356 Nam
575 2305 740 2366 caeterae,
753 2303 890 2376 praeter

80 2419 192 2480 unam,
208 2395 661 2480 Athenienfibus·devitatis,
681 2395 890 2470 Corinthum

78 2511 292 2606 appulerant.
335 2545 338 2552 *
692 2498 695 2503 ’

144 2764 205 2837 14.
227 2739 432 2816 Chalcidena
446 2763 561 2816 autem
575 2760 609 2814 et
625 2738 819 2816 Alcibiades
839 2744 891 2817 in·

85 2871 136 2924 ter
150 2857 389 2952 navigandum,
401 2881 529 2940 ornnes,
541 2858 576 2927 in
589 2881 675 2950 quos
690 2855 892 2943 incidissent,

88 2971 435 3064 comprehendebant,
469 2995 513 3044 ne
542 2969 693 3066 ipsorum
720 2965 895 3068 navigatio

90 3083 193 3174 palam
205 3085 377 3176 fierettset
396 3110 474 3158 curn
489 3087 532 3157 ad
547 3085 721 3184 Corycum
739 3087 776 3163 in
790 3086 895 3184 cunti·

455 3199 627 3300 93¹
